<?xml version="1.0" encoding="UTF-8"?><collection xmlns="http://www.loc.gov/MARC21/slim"><record><leader>00360nam--2200133-i-4500</leader><controlfield tag="001">000027529</controlfield><controlfield tag="002">20161230</controlfield><controlfield tag="005">20161230201036</controlfield><controlfield tag="008">060222s1000------------r-----000-0-eng-d</controlfield><datafield ind1="1" ind2=" " tag="100"><subfield code="a">Lanczos Cornelius</subfield></datafield><datafield ind1="1" ind2="0" tag="245"><subfield code="a">Linear differential operators</subfield></datafield><datafield ind1=" " ind2=" " tag="260"><subfield code="a">London, D.Van Nostrand Co.Ltd., 1961, Xv + 564p</subfield></datafield><datafield ind1=" " ind2=" " tag="852"><subfield code="a">18296</subfield><subfield code="c">517.9</subfield></datafield><datafield ind1=" " ind2=" " tag="CAT"><subfield code="a">Sys</subfield><subfield code="c">20080930</subfield><subfield code="h">122115</subfield></datafield></record></collection>